<record><leader>00000cas a22000007a 4500</leader><controlfield tag="001">17655527</controlfield><controlfield tag="008">880321d18821888ohuwr ne      0    0eng d</controlfield><datafield ind1=" " ind2=" " tag="010"><subfield code="a">sn 88078317 </subfield></datafield><datafield ind1=" " ind2=" " tag="040"><subfield code="a">ONP</subfield><subfield code="b">eng</subfield><subfield code="c">ONP</subfield><subfield code="d">OCLCQ</subfield></datafield><datafield ind1=" " ind2=" " tag="042"><subfield code="a">msc</subfield></datafield><datafield ind1="0" ind2="0" tag="245"><subfield code="a">Leetonia Democrat.</subfield></datafield><datafield ind1=" " ind2=" " tag="260"><subfield code="a">Leetonia, Ohio :</subfield><subfield code="b">T.S. Arnold,</subfield><subfield code="c">1882-1888.</subfield></datafield><datafield ind1=" " ind2=" " tag="300"><subfield code="a">v.</subfield></datafield><datafield ind1=" " ind2=" " tag="310"><subfield code="a">Weekly</subfield></datafield><datafield ind1="0" ind2=" " tag="362"><subfield code="a">Vol. 7, no. 38 (Mar. 25, 1882)-v. 14, no. 21 (Nov. 23, 1888).</subfield></datafield><datafield ind1=" " ind2=" " tag="752"><subfield code="a">United States</subfield><subfield code="b">Ohio</subfield><subfield code="c">Columbiana</subfield><subfield code="d">Leetonia.</subfield></datafield><datafield ind1="0" ind2="0" tag="780"><subfield code="t">Leetonia true press</subfield><subfield code="w">(DLC)sn 88078318</subfield></datafield><datafield ind1="0" ind2="0" tag="785"><subfield code="t">Leetonia reporter (Leetonia, Ohio : 1888)</subfield><subfield code="w">(DLC)sn 88078316</subfield></datafield></record>